<?xml version='1.0' encoding='UTF-8'?>
<record xmlns="http://www.loc.gov/MARC21/slim">
  <leader>01896cam a2200397 a 4500</leader>
  <controlfield tag="001">167110</controlfield>
  <controlfield tag="003">NjP</controlfield>
  <controlfield tag="005">20170905101615.0</controlfield>
  <controlfield tag="008">830811s1974    ir h     b    001 0 ara d</controlfield>
  <datafield tag="024" ind1="7" ind2=" ">
    <subfield code="a">princeton_aco001578</subfield>
    <subfield code="2">local</subfield>
  </datafield>
  <datafield ind1=" " ind2=" " tag="035">
    <subfield code="a">(OCoLC)ocn175845534</subfield>
  </datafield>
  <datafield ind1=" " ind2=" " tag="035">
    <subfield code="a">(OCoLC)17382170</subfield>
  </datafield>
  <datafield ind1=" " ind2=" " tag="035">
    <subfield code="a">167110</subfield>
  </datafield>
  <datafield ind1=" " ind2=" " tag="040">
    <subfield code="a">NjP</subfield>
    <subfield code="c">PUL</subfield>
    <subfield code="d">PUL</subfield>
  </datafield>
  <datafield ind1=" " ind2=" " tag="066">
    <subfield code="c">(3</subfield>
    <subfield code="c">(4</subfield>
  </datafield>
  <datafield ind1=" " ind2=" " tag="035">
    <subfield code="a">(OCoLC)175845534</subfield>
  </datafield>
  <datafield ind1=" " ind2=" " tag="035">
    <subfield code="a">(CStRLIN)NJPG83-B54058</subfield>
  </datafield>
  <datafield ind1=" " ind2=" " tag="035">
    <subfield code="9">AAY1971TS</subfield>
  </datafield>
  <datafield ind1=" " ind2=" " tag="035">
    <subfield code="a">(NjP)167110</subfield>
  </datafield>
  <datafield ind1=" " ind2=" " tag="079">
    <subfield code="a">ocm17382170</subfield>
  </datafield>
  <datafield ind1=" " ind2=" " tag="049">
    <subfield code="a">PULL</subfield>
  </datafield>
  <datafield ind1="1" ind2=" " tag="100">
    <subfield code="6">880-01</subfield>
    <subfield code="a">Ibn al-Barrāj, ʻAbd al-ʻAzīz ibn Niḥrīr,</subfield>
    <subfield code="d">1009 or 1010-1088 or 1089.</subfield>
    <subfield code="0">http://id.loc.gov/authorities/names/nr89016471</subfield>
  </datafield>
  <datafield ind1="1" ind2="0" tag="245">
    <subfield code="a">Sharḥ jumal al-ʻilm wa-al-ʻamal /</subfield>
    <subfield code="c">li-Ibn al-Barrāj ; ā muqaddimah va taṣḥīḥ va taʻlīq-i Kāẓim-i Mudīr-i Shānahchi.</subfield>
  </datafield>
  <datafield ind1=" " ind2=" " tag="260">
    <subfield code="6">880-02</subfield>
    <subfield code="a">Mashhad :</subfield>
    <subfield code="b">Chānchānah-i dānishgāh,</subfield>
    <subfield code="c">1974.</subfield>
  </datafield>
  <datafield ind1=" " ind2=" " tag="300">
    <subfield code="a">288 p. :</subfield>
    <subfield code="b">facsims. ;</subfield>
    <subfield code="c">25 cm.</subfield>
  </datafield>
  <datafield ind1=" " ind2="0" tag="440">
    <subfield code="6">880-03</subfield>
    <subfield code="a">Intishārāt-i Dānishgāh-i Mashhad ;</subfield>
    <subfield code="v">shumārah-i 42</subfield>
  </datafield>
  <datafield ind1=" " ind2=" " tag="504">
    <subfield code="a">Includes bibliographical references and indexes.</subfield>
  </datafield>
  <datafield ind1=" " ind2=" " tag="500">
    <subfield code="a">Title on added t.p.: Sharḥ jumal al-ʻilm wa-al-ʻamal.</subfield>
  </datafield>
  <datafield ind1=" " ind2=" " tag="500">
    <subfield code="a">Non-Latin script record</subfield>
  </datafield>
  <datafield ind1=" " ind2="0" tag="650">
    <subfield code="a">Pillars of Islam</subfield>
    <subfield code="x">Early works to 1800.</subfield>
  </datafield>
  <datafield ind1="1" ind2=" " tag="700">
    <subfield code="6">880-04</subfield>
    <subfield code="a">Mudīr Shānahʹchī, Kāẓim,</subfield>
    <subfield code="d">1927 or 1928-</subfield>
    <subfield code="0">http://id.loc.gov/authorities/names/nr97007305</subfield>
  </datafield>
  <datafield ind1="1" ind2=" " tag="880">
    <subfield code="6">100-01/(3/r</subfield>
    <subfield code="a">ابن البراج، عبد العزيز بن نحرير،</subfield>
    <subfield code="d">1009 or 1010-1088 or 1089.</subfield>
  </datafield>
  <datafield ind1="1" ind2="0" tag="880">
    <subfield code="6">245-00/(3/r</subfield>
    <subfield code="a">شرح جمل العلم والعمل /</subfield>
    <subfield code="c">لاابن البراج ؛ ا مقدمه و تصحيح و تعلىق کاظم مدىر شانهچ.</subfield>
  </datafield>
  <datafield ind1=" " ind2=" " tag="880">
    <subfield code="6">260-02/(3/r</subfield>
    <subfield code="a">مشهد :</subfield>
    <subfield code="b">چانچانه دانشگاه،</subfield>
    <subfield code="c">1974.</subfield>
  </datafield>
  <datafield ind1=" " ind2="0" tag="880">
    <subfield code="6">440-03/(3/r</subfield>
    <subfield code="a">انتشارات دانشگاه مشهد ؛</subfield>
    <subfield code="v">شماره 42</subfield>
  </datafield>
  <datafield ind1="1" ind2=" " tag="880">
    <subfield code="6">700-04/(3/r</subfield>
    <subfield code="a">مدير شانهچي، كاظم،</subfield>
    <subfield code="d">1927 or 1928-</subfield>
  </datafield>
  <datafield ind1=" " ind2=" " tag="994">
    <subfield code="a">C0</subfield>
    <subfield code="b">PUL</subfield>
  </datafield>
  <datafield ind1=" " ind2=" " tag="999">
    <subfield code="a">167110</subfield>
  </datafield>
  <datafield ind1="0" ind2="0" tag="852">
    <subfield code="0">184378</subfield>
    <subfield code="b">nec</subfield>
    <subfield code="t">1</subfield>
    <subfield code="h">BP176</subfield>
    <subfield code="i">.I263 1974</subfield>
  </datafield>
  <datafield ind1=" " ind2=" " tag="959">
    <subfield code="a">2009-08-26 09:09:03 -0500</subfield>
  </datafield>
</record>
